<?xml version="1.0" encoding="UTF-8"?><collection xmlns="http://www.loc.gov/MARC21/slim"><record><leader>00615nam--2200193-i-4500</leader><controlfield tag="001">000011514</controlfield><controlfield tag="002">20161230</controlfield><controlfield tag="005">20161230201029</controlfield><controlfield tag="008">060222s1000------------r-----000-0-eng-d</controlfield><datafield ind1=" " ind2=" " tag="020"><subfield code="a">067704660X</subfield></datafield><datafield ind1=" " ind2=" " tag="040"><subfield code="a">IFIN-HH</subfield></datafield><datafield ind1=" " ind2=" " tag="080"><subfield code="a">539.186:539.2</subfield></datafield><datafield ind1="1" ind2=" " tag="100"><subfield code="a">Andersen, S./S.A.</subfield></datafield><datafield ind1="1" ind2="0" tag="245"><subfield code="a">Atomic collisions in solids iv</subfield><subfield code="b">Physics of channeling and related phenomena</subfield><subfield code="c">A. andersen, k. bjorkqvist, b. domeij, n.g.e. johansson (eds.)</subfield></datafield><datafield ind1=" " ind2=" " tag="260"><subfield code="a">London</subfield><subfield code="b">Gordon And Breach Science Publishers</subfield><subfield code="c">1972</subfield></datafield><datafield ind1=" " ind2=" " tag="300"><subfield code="a">XV+459P</subfield></datafield><datafield ind1="1" ind2=" " tag="700"><subfield code="a">Johansson, N.G.E</subfield><subfield code="e">Ed</subfield></datafield><datafield ind1=" " ind2=" " tag="852"><subfield code="a">42714</subfield><subfield code="c">539.2</subfield></datafield><datafield ind1=" " ind2=" " tag="CAT"><subfield code="a">Sys</subfield><subfield code="c">20121024</subfield><subfield code="h">173902</subfield></datafield></record></collection>